101 191001234 9922222261210151518A094101Certification Bank-SiliCERTIFICATION BANK-SILIRETURNS 
5200COMPANY INC     DISC DATA           1412345678CORDESCRIPT  SD19321210150001992222220000001
6211211403993300911569       0000000000A38LTNY2       NAME ONE                1121140390280747
798C05992222220280489      1211403932                                          121140390280747
820000000200121140390000000000000000000000001412345678                         992222220000001
5200COMPANY INC     DISC DATA           1412345678PPDDESCRIPT  1210151210150001992222220000002
6261211403993300911569       0000002536GKGQT9VK       NAME TWO                1121140390280738
799R07992222220280393      12114039INVALID                                     121140390280738
820000000200121140390000000025360000000000001412345678                         992222220000002
5200COMPANY INC     DISC DATA           1412345678PPDDESCRIPT  nodate1210150001992222220000003
6261211403993300911569       0000002417KYU341VP       NAME THREE              1121140390280729
799R03992222220280389      12114039                                            121140390280729
820000000200121140390000000024170000000000001412345678                         992222220000003
9000003000002000000060036342117000000004953000000000000                                       
9999999999999999999999999999999999999999999999999999999999999999999999999999999999999999999999
9999999999999999999999999999999999999999999999999999999999999999999999999999999999999999999999
9999999999999999999999999999999999999999999999999999999999999999999999999999999999999999999999
9999999999999999999999999999999999999999999999999999999999999999999999999999999999999999999999
9999999999999999999999999999999999999999999999999999999999999999999999999999999999999999999999
9999999999999999999999999999999999999999999999999999999999999999999999999999999999999999999999
